@online{valvira,
    title={Potilastietojen ja henkilötietojen käsittely},
    year={2020},
    publisher={Valvira},
    url={https://www.valvira.fi/terveydenhuolto/hyva-ammatinharjoittaminen/salassapito/potilastietojen_kasittely},
    urldate={2022-05-29}
}

@online{tietosuojalaki,
    title={Tietosuojalaki},
    year={2018},
    url={https://www.finlex.fi/fi/laki/ajantasa/2018/20181050},
    urldate={2022-05-29}
}

@online{gdpr,
    title={{Consolidated text: Regulation (EU) 2016/679 of the European Parliament and of the Council of 27 April 2016 on the protection of natural persons with regard to the processing of personal data and on the free movement of such data, and repealing Directive 95/46/EC (General Data Protection Regulation) (Text with EEA relevance)}},
    year={2016},
    published={EUR-Lex},
    url={https://eur-lex.europa.eu/eli/reg/2016/679},
    urldate={2022-05-29}
}

@online{tietosuojavaltuusto,
    title={Rekisteröidyn suostumus | Tietosuojavaltuutetun toimisto},
    year={2022},
    url={https://tietosuoja.fi/rekisteroidyn-suostumus},
    urldate={2022-05-30}
}

@online{tietosuojavaltuutettu,
    title={Tietosuojavaltuutetun toimisto - Suomi.fi},
    year={2022},
    url={https://www.suomi.fi/organisaatio/tietosuojavaltuutettu/bf2d7f19-216a-4535-a44b-9f7ab7927796},
    urldate={2022-06-03}
}

@inproceedings{sevensins,
    author = {Supreeth Shastri and Melissa Wasserman and Vijay Chidambaram},
    title = {The Seven Sins of {Personal-Data} Processing Systems under {GDPR}},
    booktitle = {11th USENIX Workshop on Hot Topics in Cloud Computing (HotCloud 19)},
    year = {2019},
    address = {Renton, WA},
    url = {https://www.usenix.org/conference/hotcloud19/presentation/shastri},
    publisher = {USENIX Association},
    month = jul,
}

@article{cloudauditing,
    author={Barati, Masoud and Aujla, Gagangeet Singh and Llanos, Jose Tomas and Duodu, Kwabena Adu and Rana, Omer F. and Carr, Madeline and Ranjan, Rajiv},
    journal={IEEE Transactions on Industrial Informatics}, 
    title={Privacy-Aware Cloud Auditing for GDPR Compliance Verification in Online Healthcare}, 
    year={2022},
    volume={18},
    number={7},
    pages={4808-4819},
    doi={10.1109/TII.2021.3100152}
}

@online{googlecloud,
    title={Google Cloud},
    url={https://cloud.google.com/},
    year={2022},
    urldate={2022-06-29}
}

@book{applied-crypto,
    author = {Schneier, Bruce and Sutherland, Phil},
    title = {Applied Cryptography: Protocols, Algorithms, and Source Code in C},
    year = {1995},
    isbn = {0471128457},
    publisher = {John Wiley \& Sons, Inc.},
    address = {USA},
    edition = {2nd}
}

@book{crypto-principles,
    author = {Stallings, William},
    title = {Cryptography and Network Security: Principles and Practice},
    year = {2013},
    isbn = {0133354695},
    publisher = {Prentice Hall Press},
    address = {USA},
    edition = {6th}
}

@book{practical-crypto,
    author = {Ferguson, Niels and Schneier, Bruce},
    title = {Practical Cryptography},
    year = {2003},
    isbn = {0471223573},
    publisher = {John Wiley \& Sons, Inc.},
    address = {USA},
    edition = {1}
}

@article{mastering-google-cloud,
    author = {Khalil Maad, M. and Adadurov, S.E. and Mahmood, M. Sh.},
    title = {Mastering Google cloud: building the platform that serves your needs},
    year = {2020}
}

@online{terraform,
    title={Terraform by HashiCorp},
    url={https://www.terraform.io/},
    urldate={2022-06-30},
    year={2022}
}

@article{pseudonymisation,
    title = {Are ‘pseudonymised’ data always personal data? Implications of the GDPR for administrative data research in the UK},
    journal = {Computer Law \& Security Review},
    volume = {34},
    number = {2},
    pages = {222-233},
    year = {2018},
    issn = {0267-3649},
    doi = {https://doi.org/10.1016/j.clsr.2018.01.002},
    url = {https://www.sciencedirect.com/science/article/pii/S0267364918300153},
    author = {Miranda Mourby and Elaine Mackey and Mark Elliot and Heather Gowans and Susan E. Wallace and Jessica Bell and Hannah Smith and Stergios Aidinlis and Jane Kaye}
}

@online{nodejs,
    title={Node.js},
    url={https://nodejs.org},
    urldate={2022-07-04},
    year={2022}
}

@online{npm-docs,
    title={npm Docs},
    url={https://docs.npmjs.com/},
    urldate={2022-07-04},
    year={2022}
}

@online{expressjs,
    title={Express – Node.js web application framework},
    url={https://expressjs.com/},
    urldate={2022-11-17},
    year={2022}
}

@online{pg-promise,
    title={vitaly-t/pg-promise: PostgreSQL interface for Node.js},
    url={https://vitaly-t.github.io/pg-promise},
    urldate={2022-11-17},
    year={2022}
}

@online{typescript,
    title={TypeScript: JavaScript With Syntax For Types.},
    url={https://www.typescriptlang.org/},
    urldate={2022-07-04},
    year={2022}
}

@online{postgresql,
    title={PostgreSQL: The World's Most Advanced Open Source Relational Database},
    url={https://www.postgresql.org/},
    urldate={2022-07-16},
    year={2022}
}

@online{docker,
    title={Docker Documentation},
    url={https://docs.docker.com/},
    urldate={2022-11-18},
    year={2022}
}

@article{complexity-triggers,
    author = {Antinyan, Vard and Staron, Miroslaw and Sandberg, Anna},
    year = {2017},
    month = {12},
    pages = {},
    title = {Evaluating code complexity triggers, use of complexity measures and the influence of code complexity on maintenance time},
    volume = {22},
    journal = {Empirical Software Engineering},
    doi = {10.1007/s10664-017-9508-2}
}

@article{loadtesting,
    author={Menasce, D.A.},
    journal={IEEE Internet Computing}, 
    title={Load testing of Web sites}, 
    year={2002},
    volume={6},
    number={4},
    pages={70-74},
    doi={10.1109/MIC.2002.1020328}
}

@article{dont-roll-crypto,
  author    = {Jenny Blessing and
               Michael A. Specter and
               Daniel J. Weitzner},
  title     = {You Really Shouldn't Roll Your Own Crypto: An Empirical Study of Vulnerabilities
               in Cryptographic Libraries},
  journal   = {CoRR},
  volume    = {abs/2107.04940},
  year      = {2021},
  url       = {https://arxiv.org/abs/2107.04940},
  eprinttype = {arXiv},
  eprint    = {2107.04940},
  timestamp = {Tue, 20 Jul 2021 15:08:33 +0200},
  biburl    = {https://dblp.org/rec/journals/corr/abs-2107-04940.bib},
  bibsource = {dblp computer science bibliography, https://dblp.org}
}
